@Article{Crispino2016,
  author    = {Crispino, Lu{\'{i}}s C. B. and Higuchi, Atsushi and Oliveira, Leandro A. and de Oliveira, Ednilton S.},
  journal   = {The European Physical Journal C},
  title     = {Tidal forces in reissner--nordstr{\"{o}}m spacetimes},
  year      = {2016},
  issn      = {1434-6044},
  number    = {3},
  volume    = {76},
  doi       = {10/g576dg},
  file      = {:Crispino2016 - Tidal Forces in Reissner Nordstrom Spacetimes.pdf:PDF},
  groups    = {Tidal force},
  publisher = {Springer Science and Business Media LLC},
}

@Article{Lima2020,
  author    = {Lima, Haroldo C. D. and Crispino, Lu{\'{i}}s C. B. and Higuchi, Atsushi},
  journal   = {The European Physical Journal Plus},
  title     = {On-axis tidal forces in kerr spacetime},
  year      = {2020},
  issn      = {2190-5444},
  month     = mar,
  number    = {3},
  volume    = {135},
  doi       = {10/g576d8},
  file      = {:Lima2020 - On Axis Tidal Forces in Kerr Spacetime.pdf:PDF},
  groups    = {Tidal force},
  publisher = {Springer Science and Business Media LLC},
}

@Article{Bardeen1972,
  author    = {Bardeen, James M. and Press, William H. and Teukolsky, Saul A.},
  journal   = {The Astrophysical Journal},
  title     = {Rotating black holes: locally nonrotating frames, energy extraction, and scalar synchrotron radiation},
  year      = {1972},
  issn      = {0004-637X},
  pages     = {347},
  volume    = {178},
  doi       = {10/ftcw63},
  file      = {:Bardeen1972 - Rotating Black Holes_ Locally Nonrotating Frames, Energy Extraction, and Scalar Synchrotron Radiation.pdf:PDF},
  groups    = {Basics},
  publisher = {American Astronomical Society},
}

@Article{Arora2024,
  author    = {Arora, Dhruv and Bambhaniya, Parth and Dey, Dipanjan and Joshi, Pankaj S.},
  journal   = {Physics of the Dark Universe},
  title     = {Tidal forces in the simpson--visser black-bounce and wormhole spacetimes},
  year      = {2024},
  issn      = {2212-6864},
  month     = may,
  pages     = {101487},
  volume    = {44},
  doi       = {10/g576f3},
  file      = {:Arora2024 - Tidal Forces in the Simpson Visser Black Bounce and Wormhole Spacetimes.pdf:PDF},
  groups    = {Tidal force},
  publisher = {Elsevier BV},
}

@Article{Carter1968,
  author    = {Carter, Brandon},
  journal   = {Physical Review},
  title     = {Global structure of the kerr family of gravitational fields},
  year      = {1968},
  issn      = {0031-899X},
  number    = {5},
  pages     = {1559--1571},
  volume    = {174},
  doi       = {10/bwvhph},
  file      = {:Carter1968 - Global Structure of the Kerr Family of Gravitational Fields.pdf:PDF},
  groups    = {Basics},
  priority  = {prio3},
  publisher = {American Physical Society (APS)},
}

@Article{Marck1983,
  author    = {Marck, Jean-Alain},
  journal   = {Proceedings of the Royal Society of London A},
  title     = {Solution to the equations of parallel transport in kerr geometry; Tidal tensor},
  year      = {1983},
  number    = {1789},
  pages     = {431--438},
  volume    = {385},
  doi       = {10/c3d98j},
  file      = {:Marck1983 - Solution to the Equations of Parallel Transport in Kerr Geometry\; Tidal Tensor.pdf:PDF},
  groups    = {Basics},
  priority  = {prio1},
  publisher = {The Royal Society London},
}

@Article{Abdikamalov2019,
  author    = {Abdikamalov, Askar B. and Ayzenberg, Dimitry and Bambi, Cosimo and Dauser, Thomas and Garc{\'{i}}a, Javier A. and Nampalliwar, Sourabh},
  journal   = {The Astrophysical Journal},
  title     = {Public release of relxill\_nk: a relativistic reflection model for testing einstein{\textquoteright}s gravity},
  year      = {2019},
  issn      = {0004-637X},
  number    = {2},
  pages     = {91},
  volume    = {878},
  doi       = {10/g576dx},
  file      = {:Abdikamalov2019 - Public Release of RELXILL_NK_ a Relativistic Reflection Model for Testing Einstein's Gravity.pdf:PDF},
  groups    = {Software},
  publisher = {American Astronomical Society},
}

@Article{Vandeev2022,
  author    = {Vandeev, V. P. and Semenova, A. N.},
  journal   = {The European Physical Journal Plus},
  title     = {Deviation of non-radial geodesics in a static spherically symmetric spacetime},
  year      = {2022},
  issn      = {2190-5444},
  number    = {2},
  volume    = {137},
  doi       = {10/g576fn},
  file      = {:Vandeev2022 - Deviation of Non Radial Geodesics in a Static Spherically Symmetric Spacetime.pdf:PDF},
  groups    = {Tidal force},
  priority  = {prio1},
  publisher = {Springer Science and Business Media LLC},
}

@Article{Mummery2023,
  author        = {Mummery, Andrew},
  journal       = {Monthly Notices of the Royal Astronomical Society},
  title         = {The maximum mass of a black hole which can tidally disrupt a star: measuring black hole spins with tidal disruption events},
  year          = {2023},
  issn          = {1365-2966},
  month         = dec,
  number        = {3},
  pages         = {6233--6252},
  volume        = {527},
  archiveprefix = {arXiv},
  doi           = {10/g576fq},
  file          = {:Mummery2023 - The Maximum Mass of a Black Hole Which Can Tidally Disrupt a Star_ Measuring Black Hole Spins with Tidal Disruption Events.pdf:PDF},
  groups        = {TDE},
  keywords      = {gr-qc, astro-ph.HE},
  primaryclass  = {gr-qc},
  priority      = {prio1},
  publisher     = {Oxford University Press (OUP)},
}

@Book{Press2007,
  author    = {William H. Press and Saul A. Teukolsky and William T. Vetterling and Brian P. Flannery},
  publisher = {Cambridge University Press},
  title     = {Numerical recipes: The art of scientific computing},
  year      = {2007},
  edition   = {Third},
  isbn      = {0521880688},
  pagetotal = {1235},
}

@Unpublished{Anonymous2024,
  author = {Anon Anonymous and Andrew Mummery},
  note   = {unpublished},
  title  = {Unified approach for tidal forces in stationary axisymmetric spacetime using ZAMO},
  year   = {2024},
}

@Book{Hairer2009,
  author    = {Hairer, Ernst and Norsett, Syvert and Wanner, Gerhard},
  publisher = {Springer},
  title     = {Solving ordinary differential equations i: nonstiff problems},
  year      = {2009},
  edition   = {Second},
  isbn      = {9783540566700},
}

@Article{Kesden2012,
  author    = {Kesden, Michael},
  journal   = {Physical Review D},
  title     = {Tidal-disruption rate of stars by spinning supermassive black holes},
  year      = {2012},
  issn      = {1550-2368},
  month     = jan,
  number    = {2},
  pages     = {024037},
  volume    = {85},
  doi       = {10/fzfq4m},
  file      = {:Kesden2012 - Tidal Disruption Rate of Stars by Spinning Supermassive Black Holes.pdf:PDF},
  groups    = {TDE},
  publisher = {American Physical Society (APS)},
}

@Comment{jabref-meta: databaseType:bibtex;}
